@book{deangelis92,
title = {Dynamics of Nutrient Cycling and Food Webs},
author = {DeAngelis, D. L.},
year = {1992},
isbn = {978-0-412-29840-0},
publisher = {Springer}
}

@book{terborgh2013trophic,
  title={Trophic cascades: predators, prey, and the changing dynamics of nature},
  isbn = {978-1597264877},
  author={Terborgh, John and Estes, James A},
  year={2013},
  publisher={Island Press}
}

@book{kleiber1961fire,
  address = {Huntington, N.Y},
  edition = {Revised edition},
  title = {The {{Fire}} of {{Life}}: {{An Introduction}} to {{Animal Energetics}}},
  isbn = {978-0-88275-161-0},
  shorttitle = {The {{Fire}} of {{Life}}},
  language = {English},
  publisher = {{Krieger Pub Co}},
  author = {Kleiber, Max},
  month = jun,
  year = {1975}
}


@article{bascompte2005simple,
  title={Simple trophic modules for complex food webs},
  author={Bascompte, Jordi and Meli{\'a}n, Carlos J},
  journal={Ecology},
  volume={86},
  number={11},
  pages={2868--2873},
  year={2005},
  publisher={Eco Soc America}
}
@article{polis1989ecology,
  title={The ecology and evolution of intraguild predation: potential competitors that eat each other},
  author={Polis, Gary A and Myers, Christopher A and Holt, Robert D},
  journal={Annual review of ecology and systematics},
  pages={297--330},
  year={1989},
  publisher={JSTOR}
}

@article{polis1992intraguild,
  title={Intraguild predation: the dynamics of complex trophic interactions},
  author={Polis, Gary A and Holt, Robert D},
  journal={Trends in Ecology \& Evolution},
  volume={7},
  number={5},
  pages={151--154},
  year={1992},
  publisher={Elsevier}
}

@book{mccann2011food,
  address = {Princeton, N.J},
  title = {Food {{Webs}}},
  isbn = {978-0-691-13418-5},
  language = {English},
  publisher = {{Princeton University Press}},
  author = {McCann, Kevin S.},
  month = dec,
  year = {2011}
}





@article {brose2006:bodysizecr,
author = {Brose, Ulrich and Cushing, Lara and Berlow, Eric L. and Jonsson, Tomas and Banasek-Richter, Carolin and Bersier, Louis-Felix and Blanchard, Julia L. and Brey, Thomas and Carpenter, Stephen R. and Blandenier, Marie-France Cattin and Cohen, Joel E. and Dawah, Hassan Ali and Dell, Tony and Edwards, Francois and Harper-Smith, Sarah and Jacob, Ute and Knapp, Roland A. and Ledger, Mark E. and Memmott, Jane and Mintenbeck, Katja and Pinnegar, John K. and Rall, Björn C. and Rayner, Tom and Ruess, Liliane and Ulrich, Werner and Warren, Philip and Williams, Rich J. and Woodward, Guy and Yodzis, Peter and Martinez, Neo D.},
title = {BODY SIZES OF CONSUMERS AND THEIR RESOURCES},
journal = {Ecology},
volume = {86},
number = {9},
publisher = {Ecological Society of America},
issn = {1939-9170},
url = {http://dx.doi.org/10.1890/05-0379},
doi = {10.1890/05-0379},
pages = {2545--2545},
keywords = {allometry, body length, body mass, body size ratio, food webs, parasitoid–host, predation, predator–prey},
year = {2005},
}



@article{brose2006allometric,
  title={Allometric scaling enhances stability in complex food webs},
  author={Brose, Ulrich and Williams, Richard J and Martinez, Neo D},
  journal={Ecology letters},
  volume={9},
  number={11},
  pages={1228--1236},
  year={2006},
  publisher={Wiley Online Library}
}


@article{diehl2000effects,
  title={Effects of enrichment on three-level food chains with omnivory},
  author={Diehl, Sebastian and Fei{\ss}el, Margit},
  journal={The American Naturalist},
  volume={155},
  number={2},
  pages={200--218},
  year={2000},
  publisher={JSTOR}
}
@article{holt1997theoretical,
  title={A theoretical framework for intraguild predation},
  author={Holt, Robert D and Polis, Gary A},
  journal={American Naturalist},
  pages={745--764},
  year={1997},
  publisher={JSTOR}
}

@article{yodzis1981structure,
  title={The structure of assembled communities},
  author={Yodzis, P},
  journal={Journal of Theoretical Biology},
  volume={92},
  number={2},
  pages={103--117},
  year={1981},
  publisher={Elsevier}
}

@book{elton1927animal,
  title={Animal ecology},
  author={Elton, Charles S},
  year={1927},
  publisher={University of Chicago Press}
}

@article{pimm1978feeding,
  title={On feeding on more than one trophic level},
  author={Pimm, SL and Lawton, JH},
  year={1978},
  journal={Nature},
  publisher={Nature Publishing Group}
}
@article{holt2002food,
  title={Food webs in space: on the interplay of dynamic instability and spatial processes},
  author={Holt, Robert D},
  journal={Ecological Research},
  volume={17},
  number={2},
  pages={261--273},
  year={2002},
  publisher={Wiley Online Library}
}
@article{weitz2006size,
  title={Size and scaling of predator--prey dynamics},
  author={Weitz, Joshua S and Levin, Simon A},
  journal={Ecology letters},
  volume={9},
  number={5},
  pages={548--557},
  year={2006},
  publisher={Wiley Online Library}
}
@book{okubo2001diffusion,
  title={Diffusion and ecological problems: modern perspectives},
  author={Okubo, Akira and Levin, Smon A},
  volume={14},
  year={2001},
  publisher={Springer}
}

@article{sterner1997enigma,
  title={The enigma of food chain length: absence of theoretical evidence for dynamic constraints},
  author={Sterner, Robert W and Bajpai, Anita and Adams, Thomas},
  journal={Ecology},
  volume={78},
  number={7},
  pages={2258--2262},
  year={1997},
  publisher={Eco Soc America}
}
@article{takimoto2013environmental,
  title={Environmental determinants of food-chain length: a meta-analysis},
  author={Takimoto, Gaku and Post, David M},
  journal={Ecological research},
  volume={28},
  number={5},
  pages={675--681},
  year={2013},
  publisher={Springer}
}
@article{takimoto2007intraguild,
  title={Intraguild predation promotes complex alternative states along a productivity gradient},
  author={Takimoto, Gaku and Miki, Takeshi and Kagami, Maiko},
  journal={Theoretical population biology},
  volume={72},
  number={2},
  pages={264--273},
  year={2007},
  publisher={Elsevier}
}

@article{young2013roles,
  title={The roles of productivity and ecosystem size in determining food chain length in tropical terrestrial ecosystems},
  author={Young, Hillary S and McCauley, Douglas J and Dunbar, Robert B and Hutson, Michael S and Ter-Kuile, Ana Miller and Dirzo, Rodolfo},
  journal={Ecology},
  volume={94},
  number={3},
  pages={692--701},
  year={2013},
  publisher={Eco Soc America}
}
@article{post2000ecosystem,
  title={Ecosystem size determines food-chain length in lakes},
  author={Post, David M and Pace, Michael L and Hairston, Nelson G},
  journal={Nature},
  volume={405},
  number={6790},
  pages={1047--1049},
  year={2000},
  publisher={Nature Publishing Group}
}

@article{post2002long,
  title={The long and short of food-chain length},
  author={Post, David M},
  journal={Trends in Ecology \& Evolution},
  volume={17},
  number={6},
  pages={269--277},
  year={2002},
  publisher={Elsevier}
}

@article{allesina2008network,
  title={Network structure, predator--prey modules, and stability in large food webs},
  author={Allesina, Stefano and Pascual, Mercedes},
  journal={Theoretical Ecology},
  volume={1},
  number={1},
  pages={55--64},
  year={2008},
  publisher={Springer}
}

@article{borrelli2014there,
  title={Why there are so few trophic levels: Selection against instability explains the pattern},
  author={Borrelli, Jonathan J and Ginzburg, Lev R},
  journal={Food Webs},
  volume={1},
  number={1},
  pages={10--17},
  year={2014},
  publisher={Elsevier}
}


@article{ulanowicz2014limits,
  title={Limits on ecosystem trophic complexity: insights from ecological network analysis},
  author={Ulanowicz, Robert E and Holt, Robert D and Barfield, Michael},
  journal={Ecology letters},
  volume={17},
  number={2},
  pages={127--136},
  year={2014},
  publisher={Wiley Online Library}
}


@incollection{power1996disturbance,
  title={Disturbance and food chain length in rivers},
  author={Power, Mary E and Parker, Michael S and Wootton, J Timothy},
  booktitle={Food Webs},
  pages={286--297},
  year={1996},
  publisher={Springer}
}

@incollection{Tilman1990,
abstract = {Five models of nutrient competition, including several highly complex and realistic models are compared. The models show how various plant traits determine nutrient competitive ability, as well as how simple models can abstract more complex ones. All the models suggest that the critical parameter that should be capable of predicting the outcome of competition is the concn in the soil to which a limiting nutrient is reduced by an equilibrium monoculture of a species.},
author = {Tilman, D.},
booktitle = {Perspectives on plant competition.},
isbn = {9781930665859},
pages = {117--141},
title = {{Mechanisms of plant competition for nutrients: the elements of a predictive theory of competition}},
year = {1990},
publisher={Academic Press, San Diego,Calif}
}


@article{wootton1993productivity,
  title={Productivity, consumers, and the structure of a river food chain.},
  author={Wootton, J Timothy and Power, Mary E},
  journal={Proceedings of the National Academy of Sciences},
  volume={90},
  number={4},
  pages={1384--1387},
  year={1993},
  publisher={National Acad Sciences}
}

@article{kaunzinger1998productivity,
  title={Productivity controls food-chain properties in microbial communities},
  author={Kaunzinger, Christina MK and Morin, Peter J},
  journal={Nature},
  volume={395},
  number={6701},
  pages={495--497},
  year={1998},
  publisher={Nature Publishing Group}
}

@article{takimoto2008ecosystem,
  title={Ecosystem size, but not disturbance, determines food-chain length on islands of the Bahamas},
  author={Takimoto, Gaku and Spiller, David A and Post, David M},
  journal={Ecology},
  volume={89},
  number={11},
  pages={3001--3007},
  year={2008},
  publisher={Eco Soc America}
}

@article{schoener1989food,
  title={Food webs from the small to the large: the Robert H. MacArthur Award Lecture},
  author={Schoener, Thomas W},
  journal={Ecology},
  volume={70},
  number={6},
  pages={1559--1589},
  year={1989},
  publisher={Eco Soc America}
}

@article{lindeman1942trophic,
  title={The trophic-dynamic aspect of ecology},
  author={Lindeman, Raymond L},
  journal={Ecology},
  volume={23},
  number={4},
  pages={399--417},
  year={1942},
  publisher={Eco Soc America}
}

@article{arim2004intraguild,
  title={Intraguild predation: a widespread interaction related to species biology},
  author={Arim, Matias and Marquet, Pablo A},
  journal={Ecology Letters},
  volume={7},
  number={7},
  pages={557--564},
  year={2004},
  publisher={Wiley Online Library}
}
@article{TP2007proximate,
  title={Proximate structural mechanisms for variation in food-chain length},
  author={Post, David and Takimoto, Gaku},
  journal={Oikos},
  volume={116},
  number={5},
  pages={775--782},
  year={2007},
  publisher={Wiley Online Library}
}

@Article{Takimoto2012,
author="Takimoto, Gaku
and Post, David M.
and Spiller, David A.
and Holt, Robert D.",
title="Effects of productivity, disturbance, and ecosystem size on food-chain length: insights from a metacommunity model of intraguild predation",
journal="Ecological Research",
year="2012",
volume="27",
number="3",
pages="481--493",
abstract="Traditionally, productivity and disturbance have been hypothesized as important determinants of food-chain length. More recently, growing empirical evidence suggests a strong role of ecosystem size. To theoretically explore the effects of basal productivity, disturbance, and ecosystem size on food-chain length, we develop and analyze a metacommunity model of intraguild predation (IGP). The model finds that, when local IGP is weak, increasing basal productivity, weakening disturbance, and increasing ecosystem size will generally increase food-chain length. When local IGP is strong, by contrast, increasing basal productivity or weakening disturbance favors intraguild predators and hinders the coexistence of intraguild predators and intraguild prey, limiting food-chain length. In contrast, increasing ecosystem size can promote coexistence even when local IGP is strong, increasing food-chain length through inserting intraguild prey and changing the degree of omnivory by intraguild predators. Intraguild prey needs to be the superior colonizer to intraguild predators for this to occur. We discuss that these theoretical predictions appear consistent with empirical patterns.",
issn="1440-1703",
doi="10.1007/s11284-012-0929-5",
url="http://dx.doi.org/10.1007/s11284-012-0929-5"
}


@article{hutchinson1959homage,
  title={Homage to Santa Rosalia or why are there so many kinds of animals?},
  author={Hutchinson, G Evelyn},
  journal={American naturalist},
  pages={145--159},
  year={1959},
  publisher={JSTOR}
}

@article{mccann2005dynamics,
  title={The dynamics of spatially coupled food webs},
  author={McCann, KS and Rasmussen, JB and Umbanhowar, J},
  journal={Ecology Letters},
  volume={8},
  number={5},
  pages={513--523},
  year={2005},
  publisher={Wiley Online Library}
}

@article{thompson2007trophic,
  title={Trophic levels and trophic tangles: the prevalence of omnivory in real food webs},
  author={Thompson, Ross M and Hemberg, Martin and Starzomski, Brian M and Shurin, Jonathan B},
  journal={Ecology},
  volume={88},
  number={3},
  pages={612--617},
  year={2007},
  publisher={Eco Soc America}
}
@article{williams2004limits,
  title={Limits to trophic levels and omnivory in complex food webs: theory and data},
  author={Williams, Richard J and Martinez, Neo D},
  journal={The American Naturalist},
  volume={163},
  number={3},
  pages={458--468},
  year={2004},
  publisher={JSTOR}
}


@article{tangpawarallesina2014,
author = {Tang, Si and Pawar, Samraat and Allesina, Stefano},
citeulike-article-id = {13364187},
citeulike-linkout-0 = {http://dx.doi.org/10.1111/ele.12312},
doi = {10.1111/ele.12312},
issn = {1461023X},
journal = {Ecology Letters},
month = jun,
number = {9},
pages = {1094--1100},
posted-at = {2014-09-15 23:59:04},
priority = {2},
title = {Correlation between interaction strengths drives stability in large ecological networks},
url = {http://dx.doi.org/10.1111/ele.12312},
volume = {17},
year = {2014}
}


@article {Fukami2004,
author = {Fukami, Tadashi},
title = {ASSEMBLY HISTORY INTERACTS WITH ECOSYSTEM SIZE TO INFLUENCE SPECIES DIVERSITY},
journal = {Ecology},
volume = {85},
number = {12},
publisher = {Ecological Society of America},
issn = {1939-9170},
url = {http://dx.doi.org/10.1890/04-0340},
doi = {10.1890/04-0340},
pages = {3234--3242},
keywords = {alternative stable states, area effects, community assembly history, community convergence, ecosystem size, freshwater protists and rotifers, invasion history, microcosms, priority effects, species diversity, transient dynamics},
year = {2004},
}


@article{holt1999trophic,
  title={Trophic rank and the species-area relationship},
  author={Holt, Robert D and Lawton, John H and Polis, Gary A and Martinez, Neo D},
  journal={Ecology},
  volume={80},
  number={5},
  pages={1495--1504},
  year={1999},
  publisher={Eco Soc America}
}

@article{cohen1991community,
  title={Community area and food-chain length: theoretical predictions},
  author={Cohen, Joel E and Newman, Charles M},
  journal={American Naturalist},
  pages={1542--1554},
  year={1991},
  publisher={JSTOR}
}

@book{gotelliprimer,
  title={A primer of ecology. Sunderland, Massachusetts},
  author={Gotelli, Nicholas J},
  year={2001},
  publisher={Sinauer Associates, Inc}
}

@book{peters1986ecological,
  title={The ecological implications of body size},
  author={Peters, Robert Henry},
  volume={2},
  year={1986},
  publisher={Cambridge University Press}
}

@article{hastings1979length,
  title={Length and evolutionary stability of food chains},
  author={Hastings, Harold M and Conrad, Michael},
  year={1979},
  journal={Nature},
  publisher={Nature Publishing Group}
}

@article{kondoh2009food,
  title={Food-chain length and adaptive foraging},
  author={Kondoh, Michio and Ninomiya, Kunihiko},
  journal={Proceedings of the Royal Society B: Biological Sciences},
  pages={rspb20090482},
  year={2009},
  publisher={The Royal Society}
}
@article{west1997general,
  title={A general model for the origin of allometric scaling laws in biology},
  author={West, Geoffrey B and Brown, James H and Enquist, Brian J},
  journal={Science},
  volume={276},
  number={5309},
  pages={122--126},
  year={1997},
  publisher={American Association for the Advancement of Science}
}

@article{bejan2006unifying,
  title={Unifying constructal theory for scale effects in running, swimming and flying},
  author={Bejan, Adrian and Marden, James H},
  journal={Journal of Experimental Biology},
  volume={209},
  number={2},
  pages={238--248},
  year={2006},
  publisher={The Company of Biologists Ltd}
}

@article{savage2004effects,
  title={Effects of body size and temperature on population growth},
  author={Savage, Van M and Gillooly, James F and Brown, James H and West, Geoffrey B and Charnov, Eric L},
  journal={The American Naturalist},
  volume={163},
  number={3},
  pages={429--441},
  year={2004},
  publisher={JSTOR}
}
@article{savage2004predominance,
  title={The predominance of quarter-power scaling in biology},
  author={Savage, Van M and Gillooly, JF and Woodruff, WH and West, GB and Allen, AP and Enquist, BJ and Brown, JH},
  journal={Functional Ecology},
  volume={18},
  number={2},
  pages={257--282},
  year={2004},
  publisher={Wiley Online Library}
}
@book{yodzis1989introduction,
  title={Introduction to theoretical ecology},
  author={Yodzis, Peter},
  year={1989},
  publisher={Harper \& Row New York}
}

@inbook{brown_metabolic_book,
title = {Introduction: Metabolism as the Basis for a Theoretical Unification of Ecology},
author = {Brown, James H. and Sibly, Richard M. and Kodric-Brown, Astrid},
publisher = {John Wiley & Sons, Ltd},
isbn = {9781119968535},
url = {http://dx.doi.org/10.1002/9781119968535.ch},
doi = {10.1002/9781119968535.ch},
pages = {1--6},
keywords = {metabolism, theoretical unification of ecology, ecology, being fundamentally metabolic, unified theoretical basis for ecology, MTE, mathematical equations, underpinnings of ecology, metabolism and ecology, environment, biodiversity, strict versions of MTE, support and criticism, analogy, metabolic theory of ecology and genetic theory},
booktitle = {Metabolic Ecology},
year = {2012},
}


@article{pawar2012dimensionality,
  title={Dimensionality of consumer search space drives trophic interaction strengths},
  author={Pawar, Samraat and Dell, Anthony I and Savage, Van M},
  journal={Nature},
  year={2012},
  publisher={Nature Publishing Group}
}


@inproceedings{holt1997community,
  title={Community modules},
  author={Holt, RD},
  booktitle={Multitrophic interactions in terrestrial ecosystems, 36th Symposium of the British Ecological Society},
  pages={333--349},
  year={1997},
  organization={Blackwell Science Oxford}
}

@article{pawar2009community,
  title={Community assembly, stability and signatures of dynamical constraints on food web structure},
  author={Pawar, Samraat},
  journal={Journal of theoretical biology},
  volume={259},
  number={3},
  pages={601--612},
  year={2009},
  publisher={Elsevier}
}
@article{mcgill2006allometric,
  title={An allometric vision and motion model to predict prey encounter rates},
  author={McGill, Brian J and Mittelbach, Gary G},
  journal={Evolutionary Ecology Research},
  volume={8},
  number={4},
  pages={691--701},
  year={2006}
}


@article{diehl2001intraguild,
  title={Intraguild prey suffer from enrichment of their resources: a microcosm experiment with ciliates},
  author={Diehl, Sebastian and Feissel, Margit},
  journal={Ecology},
  volume={82},
  number={11},
  pages={2977--2983},
  year={2001},
  publisher={Wiley Online Library}
}


@article{brown2004toward,
  title={Toward a metabolic theory of ecology},
  author={Brown, James H and Gillooly, James F and Allen, Andrew P and Savage, Van M and West, Geoffrey B},
  journal={Ecology},
  volume={85},
  number={7},
  pages={1771--1789},
  year={2004},
  publisher={Eco Soc America}
}

@article{vucic2010allometric,
  title={Allometric functional response model: body masses constrain interaction strengths},
  author={Vucic-Pestic, Olivera and Rall, Bj{\"o}rn C and Kalinkat, Gregor and Brose, Ulrich},
  journal={Journal of Animal Ecology},
  volume={79},
  number={1},
  pages={249--256},
  year={2010},
  publisher={Wiley Online Library}
}

@article{brose2010body,
  title={Body-mass constraints on foraging behaviour determine population and food-web dynamics},
  author={Brose, Ulrich},
  journal={Functional Ecology},
  volume={24},
  number={1},
  pages={28--34},
  year={2010},
  publisher={Wiley Online Library}
}

@article{kiltie2000scaling,
  title={Scaling of visual acuity with body size in mammals and birds},
  author={Kiltie, RA},
  journal={Functional Ecology},
  volume={14},
  number={2},
  pages={226--234},
  year={2000},
  publisher={Wiley Online Library}
}
@article{yodzis1992body,
  title={Body size and consumer-resource dynamics},
  author={Yodzis, Peter and Innes, S},
  journal={American Naturalist},
  pages={1151--1175},
  year={1992},
  publisher={JSTOR}
}

@article{yodzis1998:localTD,
  title={Local trophodynamics and the interaction of marine mammals and fisheries in the Benguela ecosystem},
  author={Yodzis, Peter},
  journal={Journal of Animal Ecology},
  volume={67},
  number={4},
  pages={635--658},
  year={1998},
  publisher={Wiley Online Library}
}

@article{holt2007alternative,
  title={Alternative prey and the dynamics of intraguild predation: theoretical perspectives},
  author={Holt, Robert D and Huxel, Gary R},
  journal={Ecology},
  volume={88},
  number={11},
  pages={2706--2712},
  year={2007},
  publisher={Wiley Online Library}
}
