
@book{mccann2011food,
  address = {Princeton, N.J},
  title = {Food {{Webs}}},
  isbn = {978-0-691-13418-5},
  language = {English},
  timestamp = {2016-07-24T04:35:52Z},
  publisher = {{Princeton University Press}},
  author = {McCann, Kevin S.},
  month = dec,
  year = {2011}
}

@book{kleiber1961fire,
  address = {Huntington, N.Y},
  edition = {Revised edition},
  title = {The {{Fire}} of {{Life}}: {{An Introduction}} to {{Animal Energetics}}},
  isbn = {978-0-88275-161-0},
  shorttitle = {The {{Fire}} of {{Life}}},
  language = {English},
  timestamp = {2016-07-24T04:39:33Z},
  publisher = {{Krieger Pub Co}},
  author = {Kleiber, Max},
  month = jun,
  year = {1975}
}

@article{bascompte2005simple,
  title = {Simple {{Trophic Modules}} for {{Complex Food Webs}}},
  volume = {86},
  issn = {1939-9170},
  doi = {10.1890/05-0101},
  language = {en},
  timestamp = {2016-07-24T04:40:24Z},
  number = {11},
  urldate = {2016-07-24},
  journal = Ecology,
  author = {Bascompte, Jordi and Meli{\'a}n, Carlos J.},
  month = nov,
  year = {2005},
  keywords = {apparent competition,complex networks,food-web models,food webs,intraguild predation,network motifs,omnivory},
  pages = {2868--2873},
  file = {Snapshot:/home/carlos/.mozilla/firefox/q7bg0n2w.default/zotero/storage/HFDR4H3M/abstract.html:text/html}
}

@article{polis1992intraguild,
  title = {Intraguild predation: {{The}} dynamics of complex trophic interactions},
  volume = {7},
  issn = {0169-5347},
  shorttitle = {Intraguild predation},
  doi = {10.1016/0169-5347(92)90208-S},
  timestamp = {2016-07-24T04:40:31Z},
  number = {5},
  urldate = {2016-07-24},
  journal = {Trends in Ecology \& Evolution},
  author = {Polis, Gary A. and Holt, Robert D.},
  month = may,
  year = {1992},
  pages = {151--154},
  file = {ScienceDirect Snapshot:/home/carlos/.mozilla/firefox/q7bg0n2w.default/zotero/storage/QGPBPSDA/016953479290208S.html:text/html}
}

@article{polis1989ecology,
  title = {The {{Ecology}} and {{Evolution}} of {{Intraguild Predation}} - {{Potential Competitors That Eat Each Other}}},
  volume = {20},
  issn = {0066-4162},
  doi = {10.1146/annurev.es.20.110189.001501},
  language = {English},
  timestamp = {2016-07-24T04:39:44Z},
  journal = {Annual Review of Ecology and Systematics},
  author = {Polis, Ga and Myers, Ca and Holt, Rd},
  year = {1989},
  note = {WOS:A1989CA83100013},
  pages = {297--330}
}

@article{brose2006:bodysizecr,
  title = {Body {{Sizes}} of {{Consumers}} and {{Their Resources}}},
  volume = {86},
  issn = {1939-9170},
  doi = {10.1890/05-0379},
  language = {en},
  timestamp = {2016-07-24T04:40:46Z},
  number = {9},
  urldate = {2016-07-24},
  journal = Ecology,
  author = {Brose, Ulrich and Cushing, Lara and Berlow, Eric L. and Jonsson, Tomas and Banasek-Richter, Carolin and Bersier, Louis-Felix and Blanchard, Julia L. and Brey, Thomas and Carpenter, Stephen R. and Blandenier, Marie-France Cattin and Cohen, Joel E. and Dawah, Hassan Ali and Dell, Tony and Edwards, Francois and Harper-Smith, Sarah and Jacob, Ute and Knapp, Roland A. and Ledger, Mark E. and Memmott, Jane and Mintenbeck, Katja and Pinnegar, John K. and Rall, Bj{\"o}rn C. and Rayner, Tom and Ruess, Liliane and Ulrich, Werner and Warren, Philip and Williams, Rich J. and Woodward, Guy and Yodzis, Peter and Martinez, Neo D.},
  month = sep,
  year = {2005},
  keywords = {allometry,body length,body mass,body size ratio,food webs,parasitoid–host,predation,predator–prey},
  pages = {2545--2545},
  file = {Snapshot:/home/carlos/.mozilla/firefox/q7bg0n2w.default/zotero/storage/ECC7JWUB/abstract.html:text/html}
}

@article{brose2006allometric,
  title = {Allometric scaling enhances stability in complex food webs},
  volume = {9},
  issn = {1461-0248},
  doi = {10.1111/j.1461-0248.2006.00978.x},
  language = {en},
  timestamp = {2016-07-24T04:41:44Z},
  number = {11},
  urldate = {2016-07-24},
  journal = {Ecology Letters},
  author = {Brose, Ulrich and Williams, Richard J. and Martinez, Neo D.},
  month = nov,
  year = {2006},
  keywords = {Diversity–stability,interaction strength,metabolic theory,networks,population dynamics,predation,predator–prey,trophic interactions},
  pages = {1228--1236},
  file = {Snapshot:/home/carlos/.mozilla/firefox/q7bg0n2w.default/zotero/storage/FA67WIF8/abstract.html:text/html}
}

@article{diehl2000effects,
  title = {Effects of {{Enrichment}} on {{Three}}-{{Level Food Chains}} with {{Omnivory}}},
  volume = {155},
  issn = {0003-0147},
  doi = {10.1086/303319},
  timestamp = {2016-07-24T04:42:44Z},
  number = {2},
  urldate = {2016-07-24},
  journal = {The American Naturalist},
  author = {Diehl, Sebastian and Fei\ss{}el, Margit and Leibold, Associate Editor: Mathew A.},
  year = {2000},
  pages = {200--218}
}

@article{holt1997theoretical,
  title = {A {{Theoretical Framework}} for {{Intraguild Predation}}},
  volume = {149},
  issn = {0003-0147},
  doi = {10.1086/286018},
  timestamp = {2016-07-24T04:45:56Z},
  number = {4},
  urldate = {2016-07-24},
  journal = {The American Naturalist},
  author = {Holt, Robert D. and Polis, Gary A.},
  month = apr,
  year = {1997},
  pages = {745--764},
  file = {Snapshot:/home/carlos/.mozilla/firefox/q7bg0n2w.default/zotero/storage/XV4Q84HI/286018.html:text/html}
}

@article{yodzis1981structure,
  title = {The structure of assembled communities},
  volume = {92},
  issn = {0022-5193},
  doi = {10.1016/0022-5193(81)90386-6},
  timestamp = {2016-07-24T04:46:53Z},
  number = {2},
  urldate = {2016-07-24},
  journal = {Journal of Theoretical Biology},
  author = {Yodzis, P.},
  month = sep,
  year = {1981},
  pages = {103--117},
  file = {ScienceDirect Snapshot:/home/carlos/.mozilla/firefox/q7bg0n2w.default/zotero/storage/DCMVU5XA/0022519381903866.html:text/html}
}

@book{elton1927animal,
  address = {Chicago},
  edition = {Reprint edition},
  title = {Animal {{Ecology}}},
  isbn = {978-0-226-20639-4},
  language = {English},
  timestamp = {2016-07-24T04:49:11Z},
  publisher = {{University Of Chicago Press}},
  author = {Elton, Charles S.},
  month = jun,
  year = {2001}
}

@article{pimm1978feeding,
  title = {On feeding on more than one trophic level},
  volume = {275},
  copyright = {\textcopyright{} 1978 Nature Publishing Group},
  doi = {10.1038/275542a0},
  language = {en},
  timestamp = {2016-07-24T04:50:57Z},
  number = {5680},
  urldate = {2016-07-24},
  journal = {Nature},
  author = {Pimm, S. L. and Lawton, J. H.},
  month = oct,
  year = {1978},
  pages = {542--544},
  file = {Snapshot:/home/carlos/.mozilla/firefox/q7bg0n2w.default/zotero/storage/34NMJQ5R/275542a0.html:text/html}
}

@article{holt2002food,
  title = {Food webs in space: {{On}} the interplay of dynamic instability and spatial processes},
  volume = {17},
  issn = {0912-3814, 1440-1703},
  shorttitle = {Food webs in space},
  doi = {10.1046/j.1440-1703.2002.00485.x},
  language = {en},
  timestamp = {2016-07-24T04:51:43Z},
  number = {2},
  urldate = {2016-07-24},
  journal = {Ecological Research},
  author = {Holt, Robert D.},
  month = mar,
  year = {2002},
  keywords = {Behavioural Sciences,Ecology,Evolutionary Biology,food chain length,Forestry,metacommunity,Plant Sciences,spatial flows,spatial food web ecology,Zoology},
  pages = {261--273},
  file = {Snapshot:/home/carlos/.mozilla/firefox/q7bg0n2w.default/zotero/storage/GWSD3452/10.1046j.1440-1703.2002.00485.html:text/html}
}

@article{weitz2006size,
  title = {Size and scaling of predator\textendash{}prey dynamics},
  volume = {9},
  issn = {1461-0248},
  doi = {10.1111/j.1461-0248.2006.00900.x},
  language = {en},
  timestamp = {2016-07-24T04:52:24Z},
  number = {5},
  urldate = {2016-07-24},
  journal = {Ecology Letters},
  author = {Weitz, Joshua S. and Levin, Simon A.},
  month = may,
  year = {2006},
  keywords = {allometry,biomass,body size,consumer resource,cycles,evolutionarily stable strategy,Lotka–Volterra,metabolism,population density,Rosenzweig–MacArthur},
  pages = {548--557},
  file = {Snapshot:/home/carlos/.mozilla/firefox/q7bg0n2w.default/zotero/storage/EXIXRE65/abstract.html:text/html}
}

@book{okubo2001diffusion,
  address = {New York, NY},
  series = {Interdisciplinary Applied Mathematics},
  title = {Diffusion and {{Ecological Problems}}: {{Modern Perspectives}}},
  volume = {14},
  isbn = {978-1-4419-3151-1 978-1-4757-4978-6},
  shorttitle = {Diffusion and {{Ecological Problems}}},
  timestamp = {2016-07-24T04:57:52Z},
  urldate = {2016-07-24},
  publisher = {{Springer New York}},
  author = {Okubo, Akira and Levin, Simon A.},
  editor = {Antman, S. S. and Marsden, J. E. and Sirovich, L. and Wiggins, S.},
  year = {2001}
}

@article{sterner1997enigma,
  title = {The {{Enigma}} of {{Food Chain Length}}: {{Absence}} of {{Theoretical Evidence}} for {{Dynamic Constraints}}},
  volume = {78},
  issn = {1939-9170},
  shorttitle = {The {{Enigma}} of {{Food Chain Length}}},
  doi = {10.1890/0012-9658(1997)078[2258:TEOFCL]2.0.CO;2},
  language = {en},
  timestamp = {2016-07-24T04:58:35Z},
  number = {7},
  urldate = {2016-07-24},
  journal = {Ecology},
  author = {Sterner, Robert W. and Bajpai, Anita and Adams, Thomas},
  month = oct,
  year = {1997},
  keywords = {food chain,food web,stability,trophic chain,trophic level},
  pages = {2258--2262},
  file = {Snapshot:/home/carlos/.mozilla/firefox/q7bg0n2w.default/zotero/storage/STDUW656/abstract.html:text/html}
}

@article{takimoto2013environmental,
  title = {Environmental determinants of food-chain length: a meta-analysis},
  volume = {28},
  issn = {0912-3814, 1440-1703},
  shorttitle = {Environmental determinants of food-chain length},
  doi = {10.1007/s11284-012-0943-7},
  language = {en},
  timestamp = {2016-07-24T04:59:33Z},
  number = {5},
  urldate = {2016-07-24},
  journal = {Ecological Research},
  author = {Takimoto, Gaku and Post, David M.},
  month = apr,
  year = {2012},
  keywords = {Behavioural Sciences,Disturbance,Ecology,Ecosystem size,Evolutionary Biology,Food-chain length,Forestry,Plant Sciences,Productivity,Random-effects meta-analysis,Zoology},
  pages = {675--681},
  file = {Snapshot:/home/carlos/.mozilla/firefox/q7bg0n2w.default/zotero/storage/6WKAFJG5/s11284-012-0943-7.html:text/html}
}

@article{takimoto2007intraguild,
  title = {Intraguild predation promotes complex alternative states along a productivity gradient},
  volume = {72},
  issn = {0040-5809},
  doi = {10.1016/j.tpb.2007.04.005},
  timestamp = {2016-07-24T05:00:32Z},
  number = {2},
  urldate = {2016-07-24},
  journal = {Theoretical Population Biology},
  author = {Takimoto, Gaku and Miki, Takeshi and Kagami, Maiko},
  month = sep,
  year = {2007},
  keywords = {Alternative states,body size,intraguild predation,Intraguild predator,Intraguild prey,Mathematical model,Productivity gradient,Stoichiometry,Trophic omnivory},
  pages = {264--273},
  file = {ScienceDirect Snapshot:/home/carlos/.mozilla/firefox/q7bg0n2w.default/zotero/storage/UANPFE9F/S0040580907000561.html:text/html}
}

@article{young2013roles,
  title = {The roles of productivity and ecosystem size in determining food chain length in tropical terrestrial ecosystems},
  volume = {94},
  issn = {1939-9170},
  doi = {10.1890/12-0729.1},
  language = {en},
  timestamp = {2016-07-24T05:04:17Z},
  number = {3},
  urldate = {2016-07-24},
  journal = Ecology,
  author = {Young, Hillary S. and McCauley, Douglas J. and Dunbar, Robert B. and Hutson, Michael S. and Ter-Kuile, Ana Miller and Dirzo, Rodolfo},
  month = mar,
  year = {2013},
  keywords = {Ecosystem size,food chain length,food web structure,islands,Palmyra Atoll,Productivity},
  pages = {692--701},
  file = {Snapshot:/home/carlos/.mozilla/firefox/q7bg0n2w.default/zotero/storage/2APBMUNG/abstract.html:text/html}
}

@article{post2000ecosystem,
  title = {Ecosystem size determines food-chain length in lakes},
  volume = {405},
  copyright = {\textcopyright{} 2000 Nature Publishing Group},
  issn = {0028-0836},
  doi = {10.1038/35016565},
  language = {en},
  timestamp = {2016-07-24T05:04:55Z},
  number = {6790},
  urldate = {2016-07-24},
  journal = Nature,
  author = {Post, David M. and Pace, Michael L. and Hairston, Nelson G.},
  month = jun,
  year = {2000},
  pages = {1047--1049},
  file = {Snapshot:/home/carlos/.mozilla/firefox/q7bg0n2w.default/zotero/storage/TQMB9SPP/4051047a0.html:text/html}
}

@article{post2002long,
  title = {The long and short of food-chain length},
  volume = {17},
  issn = {0169-5347},
  doi = {10.1016/S0169-5347(02)02455-2},
  timestamp = {2016-07-24T05:06:12Z},
  number = {6},
  urldate = {2016-07-24},
  journal = {Trends in Ecology \& Evolution},
  author = {Post, David M.},
  month = jun,
  year = {2002},
  keywords = {community organization,Disturbance,Ecosystem size,energy flow,Food-chain length,interaction strength,resource availability},
  pages = {269--277},
  file = {ScienceDirect Snapshot:/home/carlos/.mozilla/firefox/q7bg0n2w.default/zotero/storage/B93W3RJI/S0169534702024552.html:text/html}
}

@article{allesina2008network,
  title = {Network structure, predator\textendash{}prey modules, and stability in large food webs},
  volume = {1},
  issn = {1874-1738, 1874-1746},
  doi = {10.1007/s12080-007-0007-8},
  language = {en},
  timestamp = {2016-07-24T05:07:16Z},
  number = {1},
  urldate = {2016-07-24},
  journal = {Theoretical Ecology},
  author = {Allesina, Stefano and Pascual, Mercedes},
  month = oct,
  year = {2007},
  keywords = {Complexity/stability,food webs,Plant Sciences,predator–prey,Sign-stability,Theoretical Ecology/Statistics,Weak interactions,Zoology},
  pages = {55--64},
  file = {Snapshot:/home/carlos/.mozilla/firefox/q7bg0n2w.default/zotero/storage/I5RU6JZJ/s12080-007-0007-8.html:text/html}
}

@article{borrelli2014there,
  title = {Why there are so few trophic levels: {{Selection}} against instability explains the pattern},
  volume = {1},
  issn = {2352-2496},
  shorttitle = {Why there are so few trophic levels},
  doi = {10.1016/j.fooweb.2014.11.002},
  timestamp = {2016-07-24T05:08:07Z},
  number = {1\textendash{}4},
  urldate = {2016-07-24},
  journal = {Food Webs},
  author = {Borrelli, Jonathan J. and Ginzburg, Lev R.},
  month = aug,
  year = {2014},
  keywords = {food chain,food web,stability,trophic level},
  pages = {10--17},
  file = {ScienceDirect Snapshot:/home/carlos/.mozilla/firefox/q7bg0n2w.default/zotero/storage/VIDPEGXK/S2352249614000056.html:text/html}
}

@article{ulanowicz2014limits,
  title = {Limits on ecosystem trophic complexity: insights from ecological network analysis},
  volume = {17},
  issn = {1461-0248},
  shorttitle = {Limits on ecosystem trophic complexity},
  doi = {10.1111/ele.12216},
  language = {en},
  timestamp = {2016-07-24T05:11:05Z},
  number = {2},
  urldate = {2016-07-24},
  journal = {Ecology Letters},
  author = {Ulanowicz, Robert E. and Holt, Robert D. and Barfield, Michael},
  month = feb,
  year = {2014},
  keywords = {Connectivity,ecosystem roles,food chain length,network complexity,system flexibility,system roles,trophic breadth,trophic depth,window of vitality},
  pages = {127--136},
  file = {Snapshot:/home/carlos/.mozilla/firefox/q7bg0n2w.default/zotero/storage/T6QM83GC/abstract.html:text/html}
}

@incollection{power1996disturbance,
  title = {Disturbance and {{Food Chain Length}} in {{Rivers}}},
  copyright = {\textcopyright{}1996 Springer Science+Business Media Dordrecht},
  isbn = {978-1-4615-7009-7 978-1-4615-7007-3},
  language = {en},
  timestamp = {2016-07-24T05:12:00Z},
  urldate = {2016-07-24},
  booktitle = {Food {{Webs}}},
  publisher = {{Springer US}},
  author = {Power, Mary E. and Parker, Michael S. and Wootton, J. Timothy},
  editor = {Polis, Gary A. and Winemiller, Kirk O.},
  year = {1996},
  keywords = {Ecology},
  pages = {286--297},
  file = {Snapshot:/home/carlos/.mozilla/firefox/q7bg0n2w.default/zotero/storage/9U7IXMK6/978-1-4615-7007-3_28.html:text/html},
  doi = {10.1007/978-1-4615-7007-3_28}
}

@incollection{Tilman1990,
  title = {7 - {{Mechanisms}} of {{Plant Competition}} for {{Nutrients}}: {{The Elements}} of a {{Predictive Theory}} of {{Competition}}},
  isbn = {978-0-12-294452-9},
  shorttitle = {7 - {{Mechanisms}} of {{Plant Competition}} for {{Nutrients}}},
  timestamp = {2016-07-24T05:14:53Z},
  urldate = {2016-07-24},
  booktitle = {Perspectives on {{Plant Competition}}},
  publisher = {{Academic Press}},
  author = {Tilman, David},
  year = {1990},
  pages = {117--141},
  file = {ScienceDirect Snapshot:/home/carlos/.mozilla/firefox/q7bg0n2w.default/zotero/storage/T24ZSWMJ/B9780122944529500114.html:text/html}
}

@article{wootton1993productivity,
  title = {Productivity, consumers, and the structure of a river food chain.},
  volume = {90},
  issn = {0027-8424, 1091-6490},
  doi = {10.1073/pnas.90.4.1384},
  language = {en},
  timestamp = {2016-07-24T05:16:11Z},
  number = {4},
  urldate = {2016-07-24},
  journal = {Proceedings of the National Academy of Sciences},
  author = {Wootton, J. T. and Power, M. E.},
  month = feb,
  year = {1993},
  pages = {1384--1387},
  file = {Full Text PDF:/home/carlos/.mozilla/firefox/q7bg0n2w.default/zotero/storage/ZS89NT6N/Wootton and Power - 1993 - Productivity, consumers, and the structure of a ri.pdf:application/pdf;Snapshot:/home/carlos/.mozilla/firefox/q7bg0n2w.default/zotero/storage/TQMMK794/1384.html:text/html},
  pmid = {11607368}
}

@article{kaunzinger1998productivity,
  title = {Productivity controls food-chain properties in microbial communities},
  volume = {395},
  copyright = {\textcopyright{} 1998 Nature Publishing Group},
  issn = {0028-0836},
  doi = {10.1038/26741},
  language = {en},
  timestamp = {2016-07-24T05:16:53Z},
  number = {6701},
  urldate = {2016-07-24},
  journal = Nature,
  author = {Kaunzinger, Christina M. K. and Morin, Peter J.},
  month = oct,
  year = {1998},
  pages = {495--497},
  file = {Snapshot:/home/carlos/.mozilla/firefox/q7bg0n2w.default/zotero/storage/57M68D75/395495a0.html:text/html}
}

@article{takimoto2008ecosystem,
  title = {Ecosystem {{Size}}, but {{Not Disturbance}}, {{Determines Food-Chain Length}} on {{Islands}} of the {{Bahamas}}},
  volume = {89},
  issn = {1939-9170},
  doi = {10.1890/07-1990.1},
  language = {en},
  timestamp = {2016-07-24T05:17:54Z},
  number = {11},
  urldate = {2016-07-24},
  journal = Ecology,
  author = {Takimoto, Gaku and Spiller, David A. and Post, David M.},
  month = nov,
  year = {2008},
  keywords = {Anolis lizards,Bahamian islands,Disturbance,Ecosystem size,Food-chain length,food web,omnivory,orb spiders,predation,stable isotope,trophic position},
  pages = {3001--3007},
  file = {Snapshot:/home/carlos/.mozilla/firefox/q7bg0n2w.default/zotero/storage/UVTN33WA/abstract.html:text/html}
}

@article{schoener1989food,
  title = {Food {{Webs From}} the {{Small}} to the {{Large}}: {{The Robert H}}. {{MacArthur Award Lecture}}},
  volume = {70},
  issn = {1939-9170},
  shorttitle = {Food {{Webs From}} the {{Small}} to the {{Large}}},
  doi = {10.2307/1938088},
  language = {en},
  timestamp = {2016-07-24T05:18:35Z},
  number = {6},
  urldate = {2016-07-24},
  journal = Ecology,
  author = {Schoener, Thomas W.},
  month = dec,
  year = {1989},
  pages = {1559--1589},
  file = {Snapshot:/home/carlos/.mozilla/firefox/q7bg0n2w.default/zotero/storage/TWGG897J/abstract.html:text/html}
}

@article{lindeman1942trophic,
  title = {The {{Trophic-Dynamic Aspect}} of {{Ecology}}},
  volume = {23},
  issn = {1939-9170},
  doi = {10.2307/1930126},
  language = {en},
  timestamp = {2016-07-24T05:22:23Z},
  number = {4},
  urldate = {2016-07-24},
  journal = Ecology,
  author = {Lindeman, Raymond L.},
  month = oct,
  year = {1942},
  pages = {399--417},
  file = {Full Text PDF:/home/carlos/.mozilla/firefox/q7bg0n2w.default/zotero/storage/IZGN66UT/Lindeman - 1942 - The Trophic-Dynamic Aspect of Ecology.pdf:application/pdf;Snapshot:/home/carlos/.mozilla/firefox/q7bg0n2w.default/zotero/storage/BSZPD5BE/abstract.html:text/html}
}

@article{arim2004intraguild,
  title = {Intraguild predation: a widespread interaction related to species biology},
  volume = {7},
  issn = {1461-0248},
  shorttitle = {Intraguild predation},
  doi = {10.1111/j.1461-0248.2004.00613.x},
  language = {en},
  timestamp = {2016-07-24T05:23:36Z},
  number = {7},
  urldate = {2016-07-24},
  journal = {Ecology Letters},
  author = {Arim, Mat{\'\i}as and Marquet, Pablo A.},
  month = jul,
  year = {2004},
  keywords = {Community modules,food webs,intraguild predation,null model,omnivory,species interaction},
  pages = {557--564},
  file = {Snapshot:/home/carlos/.mozilla/firefox/q7bg0n2w.default/zotero/storage/EFN33727/abstract.html:text/html}
}

@article{TP2007proximate,
  title = {Proximate structural mechanisms for variation in food-chain length},
  volume = {116},
  issn = {1600-0706},
  doi = {10.1111/j.0030-1299.2007.15552.x},
  language = {en},
  timestamp = {2016-07-24T05:24:31Z},
  number = {5},
  urldate = {2016-07-24},
  journal = {Oikos},
  author = {{M. Post}, David and Takimoto, Gaku},
  month = may,
  year = {2007},
  pages = {775--782},
  file = {Snapshot:/home/carlos/.mozilla/firefox/q7bg0n2w.default/zotero/storage/2D5WWXC9/abstract.html:text/html}
}

@article{warfe_productivity_2013,
  title = {Productivity, {{Disturbance}} and {{Ecosystem Size Have No Influence}} on {{Food Chain Length}} in {{Seasonally Connected Rivers}}},
  volume = {8},
  issn = {1932-6203},
  doi = {10.1371/journal.pone.0066240},
  timestamp = {2016-07-24T05:28:11Z},
  number = {6},
  urldate = {2016-07-24},
  journal = {PLOS ONE},
  author = {Warfe, Danielle M. and Jardine, Timothy D. and Pettit, Neil E. and Hamilton, Stephen K. and Pusey, Bradley J. and Bunn, Stuart E. and Davies, Peter M. and Douglas, Michael M.},
  month = jun,
  year = {2013},
  keywords = {Ecosystems,Food,Food chains,food web structure,Freshwater fish,predation,Productivity (ecology),Rivers},
  pages = {e66240},
  file = {Full Text PDF:/home/carlos/.mozilla/firefox/q7bg0n2w.default/zotero/storage/EHKND7SF/Warfe et al. - 2013 - Productivity, Disturbance and Ecosystem Size Have .pdf:application/pdf;Snapshot:/home/carlos/.mozilla/firefox/q7bg0n2w.default/zotero/storage/K3UP39T8/article.html:text/html}
}

@article{Takimoto2012,
  title = {Effects of productivity, disturbance, and ecosystem size on food-chain length: insights from a metacommunity model of intraguild predation},
  volume = {27},
  issn = {0912-3814, 1440-1703},
  shorttitle = {Effects of productivity, disturbance, and ecosystem size on food-chain length},
  doi = {10.1007/s11284-012-0929-5},
  language = {en},
  timestamp = {2016-07-24T05:31:50Z},
  number = {3},
  urldate = {2016-07-24},
  journal = {Ecological Research},
  author = {Takimoto, Gaku and Post, David M. and Spiller, David A. and Holt, Robert D.},
  month = feb,
  year = {2012},
  pages = {481--493},
  file = {Snapshot:/home/carlos/.mozilla/firefox/q7bg0n2w.default/zotero/storage/DF5KKKQQ/s11284-012-0929-5.html:text/html}
}

@article{hutchinson1959homage,
  title = {Homage to {{Santa Rosalia}} or {{Why Are There So Many Kinds}} of {{Animals}}?},
  volume = {93},
  issn = {0003-0147},
  timestamp = {2016-07-24T05:32:48Z},
  number = {870},
  urldate = {2016-07-24},
  journal = {The American Naturalist},
  author = {Hutchinson, G. E.},
  year = {1959},
  pages = {145--159}
}

@article{mccann2005dynamics,
  title = {The dynamics of spatially coupled food webs},
  volume = {8},
  issn = {1461-0248},
  doi = {10.1111/j.1461-0248.2005.00742.x},
  language = {en},
  timestamp = {2016-07-24T05:33:25Z},
  number = {5},
  urldate = {2016-07-24},
  journal = {Ecology Letters},
  author = {McCann, K. S. and Rasmussen, J. B. and Umbanhowar, J.},
  month = may,
  year = {2005},
  keywords = {Compartment,consumer-resource interaction,food web,foraging,scale,space,stability},
  pages = {513--523},
  file = {Snapshot:/home/carlos/.mozilla/firefox/q7bg0n2w.default/zotero/storage/V49TKNSR/abstract.html:text/html}
}

@article{thompson2007trophic,
  title = {Trophic {{Levels}} and {{Trophic Tangles}}: {{The Prevalence}} of {{Omnivory}} in {{Real Food Webs}}},
  volume = {88},
  issn = {1939-9170},
  shorttitle = {Trophic {{Levels}} and {{Trophic Tangles}}},
  doi = {10.1890/05-1454},
  language = {en},
  timestamp = {2016-07-24T05:34:32Z},
  number = {3},
  urldate = {2016-07-24},
  journal = Ecology,
  author = {Thompson, Ross M. and Hemberg, Martin and Starzomski, Brian M. and Shurin, Jonathan B.},
  month = mar,
  year = {2007},
  keywords = {food webs,meta-analysis,null models,omnivory,trophic levels,trophic position},
  pages = {612--617},
  file = {Snapshot:/home/carlos/.mozilla/firefox/q7bg0n2w.default/zotero/storage/23I6SRDD/abstract.html:text/html}
}

@article{saigo_trophic_2015,
  title = {Trophic level, food chain length and omnivory in the {{Paran{\'a} River}}: a food web model approach in a floodplain river system},
  volume = {30},
  issn = {0912-3814, 1440-1703},
  shorttitle = {Trophic level, food chain length and omnivory in the {{Paran{\'a} River}}},
  doi = {10.1007/s11284-015-1283-1},
  language = {en},
  timestamp = {2016-07-24T05:35:56Z},
  number = {5},
  urldate = {2016-07-24},
  journal = {Ecological Research},
  author = {Saigo, M. and Zilli, F. L. and Marchese, M. R. and Demonte, D.},
  month = jun,
  year = {2015},
  keywords = {Behavioral Sciences,Ecology,Evolutionary Biology,Fishes,Floodplains,Forestry,IsoWeb,Macroinvertebrates,Plant Sciences,Stable isotopes,Zoology},
  pages = {843--852},
  file = {Snapshot:/home/carlos/.mozilla/firefox/q7bg0n2w.default/zotero/storage/9IGFBX4X/s11284-015-1283-1.html:text/html}
}

@article{williams2004limits,
  title = {Limits to {{Trophic Levels}} and {{Omnivory}} in {{Complex Food Webs}}: {{Theory}} and {{Data}}},
  volume = {163},
  issn = {0003-0147},
  shorttitle = {Limits to {{Trophic Levels}} and {{Omnivory}} in {{Complex Food Webs}}},
  doi = {10.1086/381964},
  timestamp = {2016-07-24T05:37:00Z},
  number = {3},
  urldate = {2016-07-24},
  journal = {The American Naturalist},
  author = {Williams, Richard~J. and Martinez, Neo~D. and Morin, Associate Editor: Peter J.},
  year = {2004},
  pages = {458--468}
}

@article{holt1999trophic,
  title = {Trophic {{Rank}} and the {{Species-Area Relationship}}},
  volume = {80},
  issn = {0012-9658},
  doi = {10.2307/176542},
  timestamp = {2016-07-24T05:37:40Z},
  number = {5},
  urldate = {2016-07-24},
  journal = Ecology,
  author = {Holt, Robert D. and Lawton, John H. and Polis, Gary A. and Martinez, Neo D.},
  year = {1999},
  pages = {1495--1504}
}

@article{cohen1991community,
  title = {Community {{Area}} and {{Food-Chain Length}}: {{Theoretical Predictions}}},
  volume = {138},
  issn = {0003-0147},
  shorttitle = {Community {{Area}} and {{Food-Chain Length}}},
  timestamp = {2016-07-24T05:38:20Z},
  number = {6},
  urldate = {2016-07-24},
  journal = {The American Naturalist},
  author = {Cohen, Joel E. and Newman, Charles M.},
  year = {1991},
  pages = {1542--1554}
}

@book{gotelliprimer,
  address = {Sunderland, Mass},
  edition = {4th edition},
  title = {A {{Primer}} of {{Ecology}}, {{Fourth Edition}}},
  isbn = {978-0-87893-318-1},
  language = {English},
  timestamp = {2016-07-24T05:39:37Z},
  publisher = {{Sinauer Associates}},
  author = {Gotelli, Nicholas J.},
  month = may,
  year = {2008}
}

@book{peters1986ecological,
  address = {Cambridge Cambridgeshire; New York},
  edition = {1 edition},
  title = {The {{Ecological Implications}} of {{Body Size}}},
  isbn = {978-0-521-28886-6},
  language = {English},
  timestamp = {2016-07-24T05:40:54Z},
  publisher = {{Cambridge University Press}},
  author = {Peters, Robert Henry},
  month = mar,
  year = {1986}
}

@article{hastings1979length,
  title = {Length and evolutionary stability of food chains},
  volume = {282},
  copyright = {\textcopyright{} 1979 Nature Publishing Group},
  doi = {10.1038/282838a0},
  language = {en},
  timestamp = {2016-07-24T05:41:34Z},
  number = {5741},
  urldate = {2016-07-24},
  journal = Nature,
  author = {Hastings, Harold M. and Conrad, Michael},
  month = dec,
  year = {1979},
  pages = {838--839},
  file = {Snapshot:/home/carlos/.mozilla/firefox/q7bg0n2w.default/zotero/storage/2UF5KEZ4/282838a0.html:text/html}
}

@article{kondoh2009food,
  title = {Food-chain length and adaptive foraging},
  copyright = {\textcopyright{} 2009 The Royal Society},
  issn = {0962-8452, 1471-2954},
  doi = {10.1098/rspb.2009.0482},
  language = {en},
  timestamp = {2016-07-24T05:42:24Z},
  urldate = {2016-07-24},
  journal = {Proceedings of the Royal Society of London B: Biological Sciences},
  author = {Kondoh, Michio and Ninomiya, Kunihiko},
  month = jun,
  year = {2009},
  pages = {rspb20090482},
  file = {Full Text PDF:/home/carlos/.mozilla/firefox/q7bg0n2w.default/zotero/storage/SU6ICQE7/Kondoh and Ninomiya - 2009 - Food-chain length and adaptive foraging.pdf:application/pdf;Snapshot:/home/carlos/.mozilla/firefox/q7bg0n2w.default/zotero/storage/WVBMPZXW/rspb.2009.0482.html:text/html},
  pmid = {19515671}
}

@article{west1997general,
  title = {A {{General Model}} for the {{Origin}} of {{Allometric Scaling Laws}} in {{Biology}}},
  volume = {276},
  issn = {0036-8075, 1095-9203},
  doi = {10.1126/science.276.5309.122},
  language = {en},
  timestamp = {2016-07-24T05:43:29Z},
  number = {5309},
  urldate = {2016-07-24},
  journal = Science,
  author = {West, Geoffrey B. and Brown, James H. and Enquist, Brian J.},
  month = apr,
  year = {1997},
  pages = {122--126},
  file = {Snapshot:/home/carlos/.mozilla/firefox/q7bg0n2w.default/zotero/storage/KC659PUD/122.html:text/html},
  pmid = {9082983}
}

@article{bejan2006unifying,
  title = {Unifying constructal theory for scale effects in running, swimming and flying},
  volume = {209},
  copyright = {\textcopyright{} The Company of Biologists Limited 2006},
  issn = {0022-0949, 1477-9145},
  doi = {10.1242/jeb.01974},
  language = {en},
  timestamp = {2016-07-24T05:44:28Z},
  number = {2},
  urldate = {2016-07-24},
  journal = {Journal of Experimental Biology},
  author = {Bejan, Adrian and Marden, James H.},
  month = jan,
  year = {2006},
  keywords = {allometry,animal locomotion,constructal theory,design in nature,force output,gravitational wave,maximum range speed,optimal frequency,optimality theory,optimal speed,scaling,stride frequency,Strouhal number,turbulence,wing beat frequency},
  pages = {238--248},
  file = {Full Text PDF:/home/carlos/.mozilla/firefox/q7bg0n2w.default/zotero/storage/U6NKA7D4/Bejan and Marden - 2006 - Unifying constructal theory for scale effects in r.pdf:application/pdf;Snapshot:/home/carlos/.mozilla/firefox/q7bg0n2w.default/zotero/storage/AB4CZWJ6/238.html:text/html},
  pmid = {16391346}
}

@article{savage2004effects,
  title = {Effects of {{Body Size}} and {{Temperature}} on {{Population Growth}}},
  volume = {163},
  issn = {0003-0147},
  doi = {10.1086/381872},
  timestamp = {2016-07-24T05:45:16Z},
  number = {3},
  urldate = {2016-07-24},
  journal = {The American Naturalist},
  author = {Savage, Van~M. and Gillooly, James~F. and Brown, James~H. and West, Geoffrey~B. and Charnov, Eric~L. and Losos, Associate Editor: Jonathan B.},
  year = {2004},
  pages = {429--441}
}

@article{savage2004predominance,
  title = {The predominance of quarter-power scaling in biology},
  volume = {18},
  issn = {1365-2435},
  doi = {10.1111/j.0269-8463.2004.00856.x},
  language = {en},
  timestamp = {2016-07-24T05:45:52Z},
  number = {2},
  urldate = {2016-07-24},
  journal = {Functional Ecology},
  author = {Savage, V. M. and Gillooly, J. F. and Woodruff, W. H. and West, G. B. and Allen, A. P. and Enquist, B. J. and Brown, J. H.},
  month = apr,
  year = {2004},
  keywords = {body size,metabolic rates,physiological times,quarter-power scaling},
  pages = {257--282},
  file = {Full Text PDF:/home/carlos/.mozilla/firefox/q7bg0n2w.default/zotero/storage/2JRVZCIC/Savage et al. - 2004 - The predominance of quarter-power scaling in biolo.pdf:application/pdf;Snapshot:/home/carlos/.mozilla/firefox/q7bg0n2w.default/zotero/storage/N6MZXVWQ/abstract.html:text/html}
}

@book{yodzis1989introduction,
  address = {Cambridge ; Philadelphia},
  title = {Introduction to {{Theoretical Ecology}}},
  isbn = {978-0-06-047369-3},
  language = {English},
  timestamp = {2016-07-24T05:46:47Z},
  publisher = {{Harpercollins College Div}},
  author = {Yodzis, Peter},
  month = mar,
  year = {1989}
}

@article{pawar2012dimensionality,
  title = {Dimensionality of consumer search space drives trophic interaction strengths},
  volume = {486},
  copyright = {\textcopyright{} 2012 Nature Publishing Group, a division of Macmillan Publishers Limited. All Rights Reserved.},
  issn = {0028-0836},
  doi = {10.1038/nature11131},
  language = {en},
  timestamp = {2016-07-24T05:50:05Z},
  number = {7404},
  urldate = {2016-07-24},
  journal = Nature,
  author = {Pawar, Samraat and Dell, Anthony I. and {Van M. Savage}},
  month = jun,
  year = {2012},
  keywords = {Animal behaviour,Ecology,Physiology},
  pages = {485--489},
  file = {Snapshot:/home/carlos/.mozilla/firefox/q7bg0n2w.default/zotero/storage/FVSI5T8R/nature11131.html:text/html}
}

@inproceedings{holt1997community,
  title = {Community modules},
  timestamp = {2016-07-24T05:54:44Z},
  booktitle = {Multitrophic interactions in terrestrial ecosystems, 36th {{Symposium}} of the {{British Ecological Society}}},
  publisher = {{Blackwell Science Oxford}},
  author = {Holt, R. D.},
  year = {1997},
  pages = {333--349}
}

@article{pawar2009community,
  title = {Community assembly, stability and signatures of dynamical constraints on food web structure},
  volume = {259},
  issn = {0022-5193},
  doi = {10.1016/j.jtbi.2009.04.006},
  timestamp = {2016-07-24T05:55:24Z},
  number = {3},
  urldate = {2016-07-24},
  journal = {Journal of Theoretical Biology},
  author = {Pawar, Samraat},
  month = aug,
  year = {2009},
  keywords = {Assembly dynamics,Community food web,Network structure,Trophic generality,Trophic interaction},
  pages = {601--612},
  file = {ScienceDirect Snapshot:/home/carlos/.mozilla/firefox/q7bg0n2w.default/zotero/storage/D7QZE684/S0022519309001660.html:text/html}
}

@article{mcgill2006allometric,
  title = {An allometric vision and motion model to predict prey encounter rates},
  volume = {8},
  issn = {1522-0613},
  language = {English},
  timestamp = {2016-07-24T05:56:10Z},
  number = {4},
  urldate = {2016-07-24},
  journal = {Evolutionary Ecology Research},
  author = {McGill*, Brian J. and Mittelbach, Gary G.},
  year = {2006},
  pages = {691--701},
  file = {Snapshot:/home/carlos/.mozilla/firefox/q7bg0n2w.default/zotero/storage/PDUQ558T/1967.html:text/html}
}

@article{diehl2001intraguild,
  title = {Intraguild {{Prey Suffer}} from {{Enrichment}} of {{Their Resources}}: {{A Microcosm Experiment}} with {{Ciliates}}},
  volume = {82},
  issn = {1939-9170},
  shorttitle = {Intraguild {{Prey Suffer}} from {{Enrichment}} of {{Their Resources}}},
  doi = {10.1890/0012-9658(2001)082[2977:IPSFEO]2.0.CO;2},
  language = {en},
  timestamp = {2016-07-24T05:57:15Z},
  number = {11},
  urldate = {2016-07-24},
  journal = Ecology,
  author = {Diehl, Sebastian and Feissel, Margit},
  month = nov,
  year = {2001},
  keywords = {apparent competition,bacteria,Blepharisma,coexistence,diversity,facilitation,food chain length,intraguild predation,microbial food web,omnivory,resource competition,Tetrahymena},
  pages = {2977--2983},
  file = {Snapshot:/home/carlos/.mozilla/firefox/q7bg0n2w.default/zotero/storage/SF4CWJGE/abstract.html:text/html}
}

@article{brown2004toward,
  title = {Toward a {{Metabolic Theory}} of {{Ecology}}},
  volume = {85},
  issn = {1939-9170},
  doi = {10.1890/03-9000},
  language = {en},
  timestamp = {2016-07-24T05:58:11Z},
  number = {7},
  urldate = {2016-07-24},
  journal = {Ecology},
  author = {Brown, James H. and Gillooly, James F. and Allen, Andrew P. and Savage, Van M. and West, Geoffrey B.},
  month = jul,
  year = {2004},
  keywords = {allometry,biogeochemical cycles,body size,development,ecological interactions,ecological theory,metabolism,population growth,production,Stoichiometry,temperature,trophic dynamics},
  pages = {1771--1789},
  file = {Full Text PDF:/home/carlos/.mozilla/firefox/q7bg0n2w.default/zotero/storage/N6W56RK4/Brown et al. - 2004 - Toward a Metabolic Theory of Ecology.pdf:application/pdf;Snapshot:/home/carlos/.mozilla/firefox/q7bg0n2w.default/zotero/storage/C9PI85AX/abstract.html:text/html}
}

@article{vucic2010allometric,
  title = {Allometric functional response model: body masses constrain interaction strengths},
  volume = {79},
  issn = {1365-2656},
  shorttitle = {Allometric functional response model},
  doi = {10.1111/j.1365-2656.2009.01622.x},
  language = {en},
  timestamp = {2016-07-24T05:59:06Z},
  number = {1},
  urldate = {2016-07-24},
  journal = {Journal of Animal Ecology},
  author = {Vucic-Pestic, Olivera and Rall, Bj{\"o}rn C. and Kalinkat, Gregor and Brose, Ulrich},
  month = jan,
  year = {2010},
  keywords = {attack rate,body-mass ratio,food webs and predator–prey interactions,handling time,hill exponent,metabolic theory,optimal foraging,per capita consumption rate},
  pages = {249--256},
  file = {Full Text PDF:/home/carlos/.mozilla/firefox/q7bg0n2w.default/zotero/storage/XDS6QVWD/Vucic-Pestic et al. - 2010 - Allometric functional response model body masses .pdf:application/pdf;Snapshot:/home/carlos/.mozilla/firefox/q7bg0n2w.default/zotero/storage/SQMJ4QMW/abstract.html:text/html}
}

@article{brose2010body,
  title = {Body-mass constraints on foraging behaviour determine population and food-web dynamics},
  volume = {24},
  issn = {1365-2435},
  doi = {10.1111/j.1365-2435.2009.01618.x},
  language = {en},
  timestamp = {2016-07-24T05:59:41Z},
  number = {1},
  urldate = {2016-07-24},
  journal = {Functional Ecology},
  author = {Brose, Ulrich},
  month = feb,
  year = {2010},
  keywords = {allometric scaling,attack rate,food chain,functional response,handling time,metabolic theory,stability},
  pages = {28--34},
  file = {Full Text PDF:/home/carlos/.mozilla/firefox/q7bg0n2w.default/zotero/storage/RCEDACRI/Brose - 2010 - Body-mass constraints on foraging behaviour determ.pdf:application/pdf;Snapshot:/home/carlos/.mozilla/firefox/q7bg0n2w.default/zotero/storage/522WAXE6/abstract.html:text/html}
}

@article{kiltie2000scaling,
  title = {Scaling of visual acuity with body size in mammals and birds},
  volume = {14},
  issn = {1365-2435},
  doi = {10.1046/j.1365-2435.2000.00404.x},
  language = {en},
  timestamp = {2016-07-24T06:00:17Z},
  number = {2},
  urldate = {2016-07-24},
  journal = {Functional Ecology},
  author = {Kiltie, R. A.},
  month = apr,
  year = {2000},
  keywords = {allometry,animal coloration,predation,vision},
  pages = {226--234},
  file = {Full Text PDF:/home/carlos/.mozilla/firefox/q7bg0n2w.default/zotero/storage/I2QE9Q8M/Kiltie - 2000 - Scaling of visual acuity with body size in mammals.pdf:application/pdf;Snapshot:/home/carlos/.mozilla/firefox/q7bg0n2w.default/zotero/storage/9CDPJPKF/abstract.html:text/html}
}

@article{yodzis1992body,
  title = {Body {{Size}} and {{Consumer-Resource Dynamics}}},
  volume = {139},
  issn = {0003-0147},
  doi = {10.1086/285380},
  timestamp = {2016-07-24T06:01:03Z},
  number = {6},
  urldate = {2016-07-24},
  journal = {The American Naturalist},
  author = {Yodzis, P. and Innes, S.},
  month = jun,
  year = {1992},
  pages = {1151--1175},
  file = {Snapshot:/home/carlos/.mozilla/firefox/q7bg0n2w.default/zotero/storage/CDWI5743/285380.html:text/html}
}

@article{yodzis1998:localTD,
  title = {Local trophodynamics and the interaction of marine mammals and fisheries in the {{Benguela}} ecosystem},
  volume = {67},
  issn = {1365-2656},
  doi = {10.1046/j.1365-2656.1998.00224.x},
  language = {en},
  timestamp = {2016-07-24T06:01:54Z},
  number = {4},
  urldate = {2016-07-24},
  journal = {Journal of Animal Ecology},
  author = {Yodzis, Peter},
  month = jul,
  year = {1998},
  keywords = {food web,indirect effect,Mathematical model,perturbation experiment},
  pages = {635--658},
  file = {Full Text PDF:/home/carlos/.mozilla/firefox/q7bg0n2w.default/zotero/storage/RWDC57HC/Yodzis - 1998 - Local trophodynamics and the interaction of marine.pdf:application/pdf;Snapshot:/home/carlos/.mozilla/firefox/q7bg0n2w.default/zotero/storage/BET4FZWR/abstract.html:text/html}
}

@article{holt2007alternative,
  title = {Alternative {{Prey}} and the {{Dynamics}} of {{Intraguild Predation}}: {{Theoretical Perspectives}}},
  volume = {88},
  issn = {1939-9170},
  shorttitle = {Alternative {{Prey}} and the {{Dynamics}} of {{Intraguild Predation}}},
  doi = {10.1890/06-1525.1},
  language = {en},
  timestamp = {2016-07-24T06:02:46Z},
  number = {11},
  urldate = {2016-07-24},
  journal = Ecology,
  author = {Holt, Robert D. and Huxel, Gary R.},
  month = nov,
  year = {2007},
  keywords = {alternative prey,asymmetry,Community modules,intraguild predation},
  pages = {2706--2712},
  file = {Snapshot:/home/carlos/.mozilla/firefox/q7bg0n2w.default/zotero/storage/E93M2BAR/abstract.html:text/html}
}


